<?xml version="1.0" encoding="UTF-8"?><collection xmlns="http://www.loc.gov/MARC21/slim"><record><leader>00562nam--2200169-i-4500</leader><controlfield tag="001">000046906</controlfield><controlfield tag="002">20161230</controlfield><controlfield tag="005">20161230201046</controlfield><controlfield tag="008">060222s1000------------r-----000-0-eng-d</controlfield><datafield ind1=" " ind2=" " tag="040"><subfield code="a">IFIN-HH</subfield></datafield><datafield ind1=" " ind2=" " tag="080"><subfield code="a">539.12.04:537.311.33</subfield></datafield><datafield ind1="1" ind2=" " tag="100"><subfield code="a">Vook,Frederick L</subfield></datafield><datafield ind1="1" ind2="0" tag="245"><subfield code="a">Radiatiion effects in semiconductors</subfield><subfield code="b">Proceedings of the santa fe conference on radiation effects in semiconductors, october 3-5, 1967</subfield><subfield code="c">Frederick l. vook (ed.)</subfield></datafield><datafield ind1=" " ind2=" " tag="260"><subfield code="a">New York</subfield><subfield code="b">Plenum Press</subfield><subfield code="c">1968</subfield></datafield><datafield ind1=" " ind2=" " tag="300"><subfield code="a">XI + 487 P</subfield></datafield><datafield ind1=" " ind2=" " tag="852"><subfield code="a">33114</subfield><subfield code="c">539.12.04</subfield></datafield><datafield ind1=" " ind2=" " tag="CAT"><subfield code="a">Sys</subfield><subfield code="c">20120207</subfield><subfield code="h">113702</subfield></datafield></record></collection>